<collection xmlns="http://www.loc.gov/MARC21/slim">
<record>
  <leader>01239nam0a22002531i 450 </leader>
  <controlfield tag="001">IT\ICCU\CNCE\050499</controlfield>
  <controlfield tag="005">20080401000000.0</controlfield>
  <datafield tag="100" ind1=" " ind2=" ">
    <subfield code="a">20000124d1547        0itac0103    ba</subfield>
  </datafield>
  <datafield tag="101" ind1=" " ind2=" ">
    <subfield code="a">LAT</subfield>
  </datafield>
  <datafield tag="102" ind1=" " ind2=" ">
    <subfield code="a">IT</subfield>
  </datafield>
  <datafield tag="200" ind1="1" ind2=" ">
    <subfield code="a">Aurea forma appretii in Regno Siciliae compendiose a variis locis recollecta per reuerendissimum dominum cardinalem Parisium. Cum eius summario et capitibus omnibus capitulorum regni loquentium de appratio (!)</subfield>
  </datafield>
  <datafield tag="210" ind1=" " ind2=" ">
    <subfield code="e">Impressum Capuae</subfield>
    <subfield code="g">per Ioannem Sultzbacchium</subfield>
    <subfield code="h">1547</subfield>
  </datafield>
  <datafield tag="215" ind1=" " ind2=" ">
    <subfield code="a">\4! c.</subfield>
    <subfield code="d">fol</subfield>
  </datafield>
  <datafield tag="620" ind1=" " ind2=" ">
    <subfield code="a">IT</subfield>
    <subfield code="d">Capua</subfield>
  </datafield>
  <datafield tag="700" ind1=" " ind2="1">
    <subfield code="a">Parisio,</subfield>
    <subfield code="b">Pietro Paolo</subfield>
    <subfield code="3">IT\ICCU\CNCA\001040</subfield>
  </datafield>
  <datafield tag="712" ind1="0" ind2="0">
    <subfield code="a">Sultzbach, Giovanni</subfield>
    <subfield code="3">IT\ICCU\CNCT\000421</subfield>
    <subfield code="4">650</subfield>
  </datafield>
  <datafield tag="790" ind1=" " ind2="1">
    <subfield code="a">Parisius,</subfield>
    <subfield code="b">Petrus Paulus</subfield>
    <subfield code="3">IT\ICCU\CNCA\014692</subfield>
    <subfield code="z">Parisio, Pietro Paolo</subfield>
  </datafield>
  <datafield tag="791" ind1="0" ind2="0">
    <subfield code="a">Sultzbacchius, Ioannes</subfield>
    <subfield code="3">IT\ICCU\CNCT\005760</subfield>
    <subfield code="z">Sultzbach, Giovanni</subfield>
  </datafield>
  <datafield tag="791" ind1="0" ind2="0">
    <subfield code="a">Sulsbacchius, Ioannes</subfield>
    <subfield code="3">IT\ICCU\CNCT\005761</subfield>
    <subfield code="z">Sultzbach, Giovanni</subfield>
  </datafield>
  <datafield tag="791" ind1="0" ind2="0">
    <subfield code="a">Sultzbachius, Ioannes</subfield>
    <subfield code="3">IT\ICCU\CNCT\005762</subfield>
    <subfield code="z">Sultzbach, Giovanni</subfield>
  </datafield>
  <datafield tag="791" ind1="0" ind2="0">
    <subfield code="a">Sulsbach, Ioanne</subfield>
    <subfield code="3">IT\ICCU\CNCT\005763</subfield>
    <subfield code="z">Sultzbach, Giovanni</subfield>
  </datafield>
  <datafield tag="791" ind1="0" ind2="0">
    <subfield code="a">Sulzbach, Joannes</subfield>
    <subfield code="3">IT\ICCU\CNCT\005764</subfield>
    <subfield code="z">Sultzbach, Giovanni</subfield>
  </datafield>
  <datafield tag="801" ind1=" " ind2="3">
    <subfield code="a">IT</subfield>
    <subfield code="b">ICCU</subfield>
    <subfield code="c">20201115</subfield>
  </datafield>
  <datafield tag="899" ind1=" " ind2=" ">
    <subfield code="a">Biblioteca del Museo provinciale campano. Capua</subfield>
    <subfield code="1">CE0010</subfield>
    <subfield code="2">CAM MC</subfield>
  </datafield>
</record>
</collection>
